@article{lewis2016sentence,
  title={Sentence Correction Using Recurrent Neural Networks},
  author={Lewis, Gene},
  journal={Department of Computer Science, Stanford University},
  year={2016}
}

@inproceedings{logeswaran2018sentence,
  title={Sentence Ordering and Coherence Modeling using Recurrent Neural Networks.},
  author={Logeswaran, Lajanugen and Lee, Honglak and Radev, Dragomir R},
  booktitle={AAAI},
  year={2018}
}